<?xml version="1.0" encoding="UTF-8"?><collection xmlns="http://www.loc.gov/MARC21/slim"><record><leader>00536nam--2200193-i-4500</leader><controlfield tag="001">000018411</controlfield><controlfield tag="002">20161230</controlfield><controlfield tag="005">20161230201032</controlfield><controlfield tag="008">060222s1000------------r-----000-0-eng-d</controlfield><datafield ind1=" " ind2=" " tag="040"><subfield code="a">IFIN-HH</subfield></datafield><datafield ind1=" " ind2=" " tag="080"><subfield code="a">539.12</subfield></datafield><datafield ind1="1" ind2=" " tag="100"><subfield code="a">Drell, S.D</subfield></datafield><datafield ind1="1" ind2="0" tag="245"><subfield code="a">Electromagnetic structure of nucleons</subfield><subfield code="c">S.d. drell, f. zachariasen</subfield></datafield><datafield ind1=" " ind2=" " tag="260"><subfield code="a">Oxford</subfield><subfield code="b">Oxford University Press</subfield><subfield code="c">1961</subfield></datafield><datafield ind1=" " ind2=" " tag="300"><subfield code="a">111 P</subfield></datafield><datafield ind1=" " ind2=" " tag="490"><subfield code="a">Oxford Library Of The Physical Sciences</subfield></datafield><datafield ind1="1" ind2=" " tag="700"><subfield code="a">Zachariasen, F</subfield></datafield><datafield ind1=" " ind2=" " tag="852"><subfield code="a">16354</subfield><subfield code="c">539.12</subfield></datafield><datafield ind1=" " ind2=" " tag="CAT"><subfield code="a">Sys</subfield><subfield code="c">20111102</subfield><subfield code="h">170430</subfield></datafield></record></collection>